@Misc{TeXFAQ,
  title =        {{UK} List of {\TeX} Frequently Asked Questions},
  author =       {{UK \TeX{} Users Group}},
  year =         2019,
  howpublished = {\url{https://texfaq.org}}
}

@Manual{Downes04:amsart,
  title =        {The \textsf{amsart}, \textsf{amsproc}, and
                  \textsf{amsbook} document~classes},
  author =       {Michael Downes and Barbara Beeton},
  organization = {American Mathematical Society},
  year =         2004,
  month =        aug,
  note =         {\url{http://www.ctan.org/pkg/amslatex}}
}

@Manual{Fiorio15,
  title =        {{a}lgorithm2e.sty---package for algorithms},
  author =       {Cristophe Fiorio},
  year =         2015,
  month =        oct,
  note =         {\url{http://www.ctan.org/pkg/algorithm2e}}
}

@Manual{Brito09,
  title =        {The algorithms bundle},
  author =       {Rog\'erio Brito},
  year =         2009,
  month =        aug,
  note =         {\url{http://www.ctan.org/pkg/algorithms}}
}

@Manual{Heinz15,
  title =        {The Listings Package},
  author =       {Carsten Heinz and Brooks Moses and Jobst Hoffmann},
  year =         2015,
  month =        jun,
  note =         {\url{http://www.ctan.org/pkg/listings}}
}

@Manual{Fear05,
  title =        {Publication quality tables in {\LaTeX}},
  author =       {Simon Fear},
  year =         2005,
  month =        apr,
  note =         {\url{http://www.ctan.org/pkg/booktabs}}
}

@Manual{ACMIdentityStandards,
  title =        {{ACM} Visual Identity Standards},
  organization = {Association for Computing Machinery},
  year =         2007,
  note =         {\url{http://identitystandards.acm.org}}
}

@Manual{Sommerfeldt13:Subcaption,
  title =        {The subcaption package},
  author =       {Axel Sommerfeldt},
  year =         2013,
  month =        apr,
  note =         {\url{http://www.ctan.org/pkg/subcaption}}
}

@Manual{Nomencl,
  title =        {A package to create a nomenclature},
  author =       {Boris Veytsman and Bern Schandl and Lee Netherton
                  and C. V. Radhakrishnan},
  year =         2005,
  month =        sep,
  note =         {\url{http://www.ctan.org/pkg/nomencl}}
}

@Manual{Talbot16:Glossaries,
  title =        {User Manual for glossaries.sty v4.25},
  author =       {Nicola L. C. Talbot},
  year =         2016,
  month =        jun,
  note =         {\url{http://www.ctan.org/pkg/subcaption}}
}

@Manual{Carlisle04:Textcase,
  title =        {The \textsl{textcase} package},
  author =       {David Carlisle},
  month =        oct,
  year =         2004,
  note =         {\url{http://www.ctan.org/pkg/textcase}}
}

@article{ahu61,
   author={Guagliardo, Paolo, and Leonid Libkin},
   title={A formal semantics of SQL queries, its validation, and applications},
   journal={Naval Research Logistics Quarterly},
   volume={8},
   year=1961
,
   pages={175-191
}
}

@inproceedings{sqlsemantics,
   author={Guagliardo, Paolo, and Leonid Libkin},
   title={A formal semantics of SQL queries, its validation, and applications},
   year={2017},
   booktitle={Proceedings of the VLDB Endowment 11, no. 1},
   pages={27-39}
}

@inproceedings{pandas,
   author={McKinney, Wes},
   title={pandas: a foundational Python library for data analysis and statistics},
   year={2011},
   booktitle={Python for High Performance and Scientific Computing 14},
}

@inproceedings{tidydata,
   author={Wickham, Hadley},
   title={Tidy data},
   year={2014},
   booktitle={Journal of Statistical Software 59, no. 10},
   pages={1-23}
}

@book{relalgebra,
  title = {The relational model for database management: version 2},
  author = {Codd, Edgar F},
  year = {1990},
  publisher = {Addison-Wesley Longman Publishing Co., Inc.}
}

@inproceedings{perez2006semantics,
  title={Semantics and Complexity of SPARQL},
  author={P{\'e}rez, Jorge and Arenas, Marcelo and Gutierrez, Claudio},
  booktitle={International semantic web conference},
  pages={30--43},
  year={2006},
  organization={Springer}
}

@article{gutierrez2011foundations,
  title={Foundations of semantic web databases},
  author={Gutierrez, Claudio and Hurtado, Carlos A and Mendelzon, Alberto O and P{\'e}rez, Jorge},
  journal={Journal of Computer and System Sciences},
  volume={77},
  number={3},
  pages={520--541},
  year={2011},
  publisher={Elsevier}
}


@inproceedings{yago,
	author    = {Thomas Rebele and
	Fabian M.\ Suchanek and
	Johannes Hoffart and
	Joanna Biega and
	Erdal Kuzey and
	Gerhard Weikum},
	title     = "{YAGO}: A Multilingual Knowledge Base from {Wikipedia}, {Wordnet}, and {Geonames}",
	booktitle = "Proc.\ Int.\ Semantic Web Conf.\ (ISWC)",
	year      = 2016
}

@inproceedings{vrandecic12wikidata,
  author    = "Denny Vrandecic",
  title     = "{Wikidata}: A New Platform for Collaborative Cata Collection",
  booktitle = {Proc.\ World Wide Web Conf.\ (WWW) (Companion Volume)},
  year      = 2012,
}

@article{lehmann2015dbpedia,
  author    = {Jens Lehmann and
               Robert Isele and
               Max Jakob and
               Anja Jentzsch and
               Dimitris Kontokostas and
               Pablo N.\ Mendes and
               Sebastian Hellmann and
               Mohamed Morsey and
               Patrick van Kleef and
               S{\"{o}}ren Auer and
               Christian Bizer},
  title     = "{DBpedia} - {A} large-scale, multilingual knowledge base extracted from {Wikipedia}",
  journal   = {Semantic Web},
  volume    = {6},
  number    = {2},
  year      = 2015
}


@inproceedings{yago2,
  author    = {Fabian M.\ Suchanek and
               Gjergji Kasneci and
               Gerhard Weikum},
  title     = "{YAGO}: A Core of Semantic Knowledge",
  booktitle = {Proc.\ Int.\ Conf.\ on World Wide Web (WWW)},
  year      = 2007
 }


@inproceedings{kaminski2016semantics,
  title={Semantics and expressive power of subqueries and aggregates in SPARQL 1.1},
  author={Kaminski, Mark and Kostylev, Egor V and Cuenca Grau, Bernardo},
  booktitle={Proceedings of the 25th International Conference on World Wide Web},
  pages={227--238},
  year={2016},
  organization={International World Wide Web Conferences Steering Committee}
}


@book{dasu2003exploratory,
  title={Exploratory data mining and data cleaning},
  author={Dasu, Tamraparni and Johnson, Theodore},
  volume={479},
  year={2003},
  publisher={John Wiley \& Sons}
}

@article{rdf-3x,
	author = {Neumann, Thomas and Weikum, Gerhard},
	title = "{RDF-3X}: {A} {RISC}-style Engine for {RDF}",
	journal = {Proc.\ VLDB Endowment},
	volume = {1},
	number = {1},
	year = {2008},
	pages = {647--659},
} 
